%YAML 1.1
%TAG !u! tag:unity3d.com,2011:
--- !u!1 &660634972948432609
GameObject:
  m_ObjectHideFlags: 0
  m_CorrespondingSourceObject: {fileID: 0}
  m_PrefabInstance: {fileID: 0}
  m_PrefabAsset: {fileID: 0}
  serializedVersion: 6
  m_Component:
  - component: {fileID: 660634972948432614}
  - component: {fileID: 660634972948432615}
  - component: {fileID: 660634972948432608}
  - component: {fileID: 660634972948432613}
  - component: {fileID: 660634972948432612}
  m_Layer: 9
  m_Name: ZomBear
  m_TagString: Zombie
  m_Icon: {fileID: 0}
  m_NavMeshLayer: 0
  m_StaticEditorFlags: 0
  m_IsActive: 1
--- !u!4 &660634972948432614
Transform:
  m_ObjectHideFlags: 0
  m_CorrespondingSourceObject: {fileID: 0}
  m_PrefabInstance: {fileID: 0}
  m_PrefabAsset: {fileID: 0}
  m_GameObject: {fileID: 660634972948432609}
  m_LocalRotation: {x: 0, y: 0, z: 0, w: 1}
  m_LocalPosition: {x: 0, y: 0, z: 0}
  m_LocalScale: {x: 1, y: 1, z: 1}
  m_Children:
  - {fileID: 2148981177168520108}
  - {fileID: 5250869453672778836}
  m_Father: {fileID: 0}
  m_RootOrder: 0
  m_LocalEulerAnglesHint: {x: 0, y: 0, z: 0}
--- !u!54 &660634972948432615
Rigidbody:
  m_ObjectHideFlags: 0
  m_CorrespondingSourceObject: {fileID: 0}
  m_PrefabInstance: {fileID: 0}
  m_PrefabAsset: {fileID: 0}
  m_GameObject: {fileID: 660634972948432609}
  serializedVersion: 2
  m_Mass: 1
  m_Drag: 0
  m_AngularDrag: 0.05
  m_UseGravity: 1
  m_IsKinematic: 0
  m_Interpolate: 0
  m_Constraints: 0
  m_CollisionDetection: 0
--- !u!65 &660634972948432608
BoxCollider:
  m_ObjectHideFlags: 0
  m_CorrespondingSourceObject: {fileID: 0}
  m_PrefabInstance: {fileID: 0}
  m_PrefabAsset: {fileID: 0}
  m_GameObject: {fileID: 660634972948432609}
  m_Material: {fileID: 0}
  m_IsTrigger: 1
  m_Enabled: 1
  serializedVersion: 2
  m_Size: {x: 1.04, y: 1.89, z: 0.99}
  m_Center: {x: 0, y: 0.84, z: 0.19}
--- !u!195 &660634972948432613
NavMeshAgent:
  m_ObjectHideFlags: 0
  m_CorrespondingSourceObject: {fileID: 0}
  m_PrefabInstance: {fileID: 0}
  m_PrefabAsset: {fileID: 0}
  m_GameObject: {fileID: 660634972948432609}
  m_Enabled: 1
  m_AgentTypeID: 0
  m_Radius: 0.5
  m_Speed: 3.5
  m_Acceleration: 8
  avoidancePriority: 50
  m_AngularSpeed: 120
  m_StoppingDistance: 1.5
  m_AutoTraverseOffMeshLink: 1
  m_AutoBraking: 1
  m_AutoRepath: 1
  m_Height: 2
  m_BaseOffset: -0.07
  m_WalkableMask: 4294967295
  m_ObstacleAvoidanceType: 4
--- !u!114 &660634972948432612
MonoBehaviour:
  m_ObjectHideFlags: 0
  m_CorrespondingSourceObject: {fileID: 0}
  m_PrefabInstance: {fileID: 0}
  m_PrefabAsset: {fileID: 0}
  m_GameObject: {fileID: 660634972948432609}
  m_Enabled: 1
  m_EditorHideFlags: 0
  m_Script: {fileID: 11500000, guid: 3c1659e9c4e2ebe4daee4c826e4c5468, type: 3}
  m_Name: 
  m_EditorClassIdentifier: 
  _allowMove: 0
  _onFloor: 0
  _player: {fileID: 0}
  Data: {fileID: 11400000, guid: e910383c84cec594aa5f35699d4c2f83, type: 2}
  SldHP: {fileID: 0}
--- !u!1001 &3438669058953404643
PrefabInstance:
  m_ObjectHideFlags: 0
  serializedVersion: 2
  m_Modification:
    m_TransformParent: {fileID: 660634972948432614}
    m_Modifications:
    - target: {fileID: 3632766304322953071, guid: 2d29ed9ad2757144c91e541cc35d4773,
        type: 3}
      propertyPath: m_Name
      value: ZomBearModel
      objectReference: {fileID: 0}
    - target: {fileID: 3632766304322953071, guid: 2d29ed9ad2757144c91e541cc35d4773,
        type: 3}
      propertyPath: m_Layer
      value: 9
      objectReference: {fileID: 0}
    - target: {fileID: 3632766304322716495, guid: 2d29ed9ad2757144c91e541cc35d4773,
        type: 3}
      propertyPath: m_LocalPosition.x
      value: 0
      objectReference: {fileID: 0}
    - target: {fileID: 3632766304322716495, guid: 2d29ed9ad2757144c91e541cc35d4773,
        type: 3}
      propertyPath: m_LocalPosition.y
      value: 0
      objectReference: {fileID: 0}
    - target: {fileID: 3632766304322716495, guid: 2d29ed9ad2757144c91e541cc35d4773,
        type: 3}
      propertyPath: m_LocalPosition.z
      value: 0
      objectReference: {fileID: 0}
    - target: {fileID: 3632766304322716495, guid: 2d29ed9ad2757144c91e541cc35d4773,
        type: 3}
      propertyPath: m_LocalRotation.x
      value: 0
      objectReference: {fileID: 0}
    - target: {fileID: 3632766304322716495, guid: 2d29ed9ad2757144c91e541cc35d4773,
        type: 3}
      propertyPath: m_LocalRotation.y
      value: 0
      objectReference: {fileID: 0}
    - target: {fileID: 3632766304322716495, guid: 2d29ed9ad2757144c91e541cc35d4773,
        type: 3}
      propertyPath: m_LocalRotation.z
      value: 0
      objectReference: {fileID: 0}
    - target: {fileID: 3632766304322716495, guid: 2d29ed9ad2757144c91e541cc35d4773,
        type: 3}
      propertyPath: m_LocalRotation.w
      value: 1
      objectReference: {fileID: 0}
    - target: {fileID: 3632766304322716495, guid: 2d29ed9ad2757144c91e541cc35d4773,
        type: 3}
      propertyPath: m_RootOrder
      value: 0
      objectReference: {fileID: 0}
    - target: {fileID: 3632766304322716495, guid: 2d29ed9ad2757144c91e541cc35d4773,
        type: 3}
      propertyPath: m_LocalEulerAnglesHint.x
      value: 0
      objectReference: {fileID: 0}
    - target: {fileID: 3632766304322716495, guid: 2d29ed9ad2757144c91e541cc35d4773,
        type: 3}
      propertyPath: m_LocalEulerAnglesHint.y
      value: 0
      objectReference: {fileID: 0}
    - target: {fileID: 3632766304322716495, guid: 2d29ed9ad2757144c91e541cc35d4773,
        type: 3}
      propertyPath: m_LocalEulerAnglesHint.z
      value: 0
      objectReference: {fileID: 0}
    - target: {fileID: 3632766304322953069, guid: 2d29ed9ad2757144c91e541cc35d4773,
        type: 3}
      propertyPath: m_Layer
      value: 9
      objectReference: {fileID: 0}
    - target: {fileID: 3632766304332344549, guid: 2d29ed9ad2757144c91e541cc35d4773,
        type: 3}
      propertyPath: m_Controller
      value: 
      objectReference: {fileID: 9100000, guid: 2cd6bf77cac24414c8e134b0c0e7aed3, type: 2}
    m_RemovedComponents: []
  m_SourcePrefab: {fileID: 100100000, guid: 2d29ed9ad2757144c91e541cc35d4773, type: 3}
--- !u!4 &2148981177168520108 stripped
Transform:
  m_CorrespondingSourceObject: {fileID: 3632766304322716495, guid: 2d29ed9ad2757144c91e541cc35d4773,
    type: 3}
  m_PrefabInstance: {fileID: 3438669058953404643}
  m_PrefabAsset: {fileID: 0}
--- !u!1001 &8021232216471981612
PrefabInstance:
  m_ObjectHideFlags: 0
  serializedVersion: 2
  m_Modification:
    m_TransformParent: {fileID: 660634972948432614}
    m_Modifications:
    - target: {fileID: 2850762902521430651, guid: f476ed070056c0642bc7a1ab40c113ed,
        type: 3}
      propertyPath: m_Name
      value: HPBar
      objectReference: {fileID: 0}
    - target: {fileID: 2850762902521430651, guid: f476ed070056c0642bc7a1ab40c113ed,
        type: 3}
      propertyPath: m_Layer
      value: 9
      objectReference: {fileID: 0}
    - target: {fileID: 2850762902521430648, guid: f476ed070056c0642bc7a1ab40c113ed,
        type: 3}
      propertyPath: m_LocalPosition.x
      value: 0.2
      objectReference: {fileID: 0}
    - target: {fileID: 2850762902521430648, guid: f476ed070056c0642bc7a1ab40c113ed,
        type: 3}
      propertyPath: m_LocalPosition.y
      value: 2
      objectReference: {fileID: 0}
    - target: {fileID: 2850762902521430648, guid: f476ed070056c0642bc7a1ab40c113ed,
        type: 3}
      propertyPath: m_LocalPosition.z
      value: 0
      objectReference: {fileID: 0}
    - target: {fileID: 2850762902521430648, guid: f476ed070056c0642bc7a1ab40c113ed,
        type: 3}
      propertyPath: m_LocalRotation.x
      value: -0
      objectReference: {fileID: 0}
    - target: {fileID: 2850762902521430648, guid: f476ed070056c0642bc7a1ab40c113ed,
        type: 3}
      propertyPath: m_LocalRotation.y
      value: -0
      objectReference: {fileID: 0}
    - target: {fileID: 2850762902521430648, guid: f476ed070056c0642bc7a1ab40c113ed,
        type: 3}
      propertyPath: m_LocalRotation.z
      value: -0
      objectReference: {fileID: 0}
    - target: {fileID: 2850762902521430648, guid: f476ed070056c0642bc7a1ab40c113ed,
        type: 3}
      propertyPath: m_LocalRotation.w
      value: 1
      objectReference: {fileID: 0}
    - target: {fileID: 2850762902521430648, guid: f476ed070056c0642bc7a1ab40c113ed,
        type: 3}
      propertyPath: m_RootOrder
      value: 1
      objectReference: {fileID: 0}
    - target: {fileID: 2850762902521430648, guid: f476ed070056c0642bc7a1ab40c113ed,
        type: 3}
      propertyPath: m_LocalEulerAnglesHint.x
      value: 0
      objectReference: {fileID: 0}
    - target: {fileID: 2850762902521430648, guid: f476ed070056c0642bc7a1ab40c113ed,
        type: 3}
      propertyPath: m_LocalEulerAnglesHint.y
      value: 0
      objectReference: {fileID: 0}
    - target: {fileID: 2850762902521430648, guid: f476ed070056c0642bc7a1ab40c113ed,
        type: 3}
      propertyPath: m_LocalEulerAnglesHint.z
      value: 0
      objectReference: {fileID: 0}
    - target: {fileID: 2850762901729787568, guid: f476ed070056c0642bc7a1ab40c113ed,
        type: 3}
      propertyPath: m_Layer
      value: 9
      objectReference: {fileID: 0}
    - target: {fileID: 2850762902401403469, guid: f476ed070056c0642bc7a1ab40c113ed,
        type: 3}
      propertyPath: m_AnchoredPosition.x
      value: 5
      objectReference: {fileID: 0}
    - target: {fileID: 2850762901777328003, guid: f476ed070056c0642bc7a1ab40c113ed,
        type: 3}
      propertyPath: m_Layer
      value: 9
      objectReference: {fileID: 0}
    - target: {fileID: 2850762901106268518, guid: f476ed070056c0642bc7a1ab40c113ed,
        type: 3}
      propertyPath: m_Layer
      value: 9
      objectReference: {fileID: 0}
    - target: {fileID: 2850762900870943032, guid: f476ed070056c0642bc7a1ab40c113ed,
        type: 3}
      propertyPath: m_Layer
      value: 9
      objectReference: {fileID: 0}
    - target: {fileID: 2850762902401403468, guid: f476ed070056c0642bc7a1ab40c113ed,
        type: 3}
      propertyPath: m_Layer
      value: 9
      objectReference: {fileID: 0}
    - target: {fileID: 2850762901589429994, guid: f476ed070056c0642bc7a1ab40c113ed,
        type: 3}
      propertyPath: m_AnchoredPosition.x
      value: -4.71
      objectReference: {fileID: 0}
    - target: {fileID: 2850762901589429994, guid: f476ed070056c0642bc7a1ab40c113ed,
        type: 3}
      propertyPath: m_SizeDelta.x
      value: 19.42
      objectReference: {fileID: 0}
    - target: {fileID: 2850762900573620941, guid: f476ed070056c0642bc7a1ab40c113ed,
        type: 3}
      propertyPath: m_Layer
      value: 9
      objectReference: {fileID: 0}
    - target: {fileID: 2850762901589430005, guid: f476ed070056c0642bc7a1ab40c113ed,
        type: 3}
      propertyPath: m_Layer
      value: 9
      objectReference: {fileID: 0}
    m_RemovedComponents: []
  m_SourcePrefab: {fileID: 100100000, guid: f476ed070056c0642bc7a1ab40c113ed, type: 3}
--- !u!4 &5250869453672778836 stripped
Transform:
  m_CorrespondingSourceObject: {fileID: 2850762902521430648, guid: f476ed070056c0642bc7a1ab40c113ed,
    type: 3}
  m_PrefabInstance: {fileID: 8021232216471981612}
  m_PrefabAsset: {fileID: 0}
